<?xml version="1.0" encoding="UTF-8"?><collection xmlns="http://www.loc.gov/MARC21/slim"><record><leader>00337nam--2200133-i-4500</leader><controlfield tag="001">000021540</controlfield><controlfield tag="002">20161230</controlfield><controlfield tag="005">20161230201034</controlfield><controlfield tag="008">060222s1000------------r-----000-0-eng-d</controlfield><datafield ind1=" " ind2=" " tag="100"><subfield code="a">Hromadko, V</subfield></datafield><datafield ind1=" " ind2=" " tag="245"><subfield code="a">Ventilarea atelierelor de sudare</subfield></datafield><datafield ind1=" " ind2=" " tag="260"><subfield code="a">Bucuresti, Idt.,1958. 33p. + Erata</subfield></datafield><datafield ind1=" " ind2=" " tag="490"><subfield code="a">Idt.Informatii Tehnice</subfield></datafield><datafield ind1=" " ind2=" " tag="852"><subfield code="a">5401</subfield></datafield></record></collection>